<?xml version="1.0" encoding="UTF-8"?><collection xmlns="http://www.loc.gov/MARC21/slim"><record><leader>00485nam--2200169-i-4500</leader><controlfield tag="001">000042017</controlfield><controlfield tag="002">20161230</controlfield><controlfield tag="005">20161230201043</controlfield><controlfield tag="008">060222s1000------------r-----000-0-rus-d</controlfield><datafield ind1=" " ind2=" " tag="041"><subfield code="a">rus</subfield></datafield><datafield ind1=" " ind2=" " tag="080"><subfield code="a">537.226</subfield></datafield><datafield ind1="1" ind2=" " tag="100"><subfield code="a">Koikov, S.N</subfield></datafield><datafield ind1="1" ind2="0" tag="245"><subfield code="a">Elektriceskoe starenie tverdikh dielektrikov i nadezhnosti dielektriceskikh detalei</subfield><subfield code="c">S.n. koikov; a.n. tsikin</subfield></datafield><datafield ind1=" " ind2=" " tag="260"><subfield code="a">Leningrad</subfield><subfield code="b">Energia</subfield><subfield code="c">1968</subfield></datafield><datafield ind1="1" ind2=" " tag="700"><subfield code="a">Tsikin, A.N</subfield></datafield><datafield ind1=" " ind2=" " tag="852"><subfield code="a">30935</subfield><subfield code="c">537.226</subfield></datafield><datafield ind1=" " ind2=" " tag="CAT"><subfield code="a">Sys</subfield><subfield code="c">20110706</subfield><subfield code="h">092050</subfield></datafield></record></collection>